@inproceedings{DBLP:conf/isrr/ChosetR03,
  author    = {Howie Choset and
               Alfred A. Rizzi},
  editor    = {Paolo Dario and
               Raja Chatila},
  title     = {Topology in Motion Planning},
  booktitle = {Robotics Research, The Eleventh International Symposium, ISRR, October
               19-22, 2003, Siena, Italy},
  series    = {Springer Tracts in Advanced Robotics},
  volume    = 15,
  pages     = {90--99},
  publisher = {Springer},
  year      = 2003,
  url       = {https://doi.org/10.1007/11008941\_10},
  doi       = {10.1007/11008941\_10},
  timestamp = {Sat, 14 Sep 2019 14:06:07 +0200},
  biburl    = {https://dblp.org/rec/conf/isrr/ChosetR03.bib},
  bibsource = {dblp computer science bibliography, https://dblp.org}
}

@incollection{farber2006topology,
  title={Topology of robot motion planning},
  author={Farber, Michael},
  booktitle={Morse theoretic methods in nonlinear analysis and in symplectic topology},
  pages={185--230},
  year={2006},
  publisher={Springer}
}

@article{DBLP:journals/dcg/Farber03,
  author    = {Michael Farber},
  title     = {Topological Complexity of Motion Planning},
  journal   = {Discret. Comput. Geom.},
  volume    = {29},
  number    = {2},
  pages     = {211--221},
  year      = {2003},
  url       = {https://doi.org/10.1007/s00454-002-0760-9},
  doi       = {10.1007/s00454-002-0760-9},
  timestamp = {Thu, 12 Mar 2020 17:20:56 +0100},
  biburl    = {https://dblp.org/rec/journals/dcg/Farber03.bib},
  bibsource = {dblp computer science bibliography, https://dblp.org}
}

@article{martinetz1994topology,
  title={Topology representing networks},
  author={Martinetz, Thomas and Schulten, Klaus},
  journal={Neural Networks},
  volume={7},
  number={3},
  pages={507--522},
  year={1994},
  publisher={Elsevier}
}

@inproceedings{denny2018topology,
  title={A Topology-based Path Similarity Metric and Its Application to Sampling-based Motion Planning},
  author={Denny, Jory and Chen, Kaiwen and Zhou, Hanglin},
  booktitle={2018 IEEE/RSJ International Conference on Intelligent Robots and Systems (IROS)},
  pages={6498--6505},
  year={2018},
  organization={IEEE}
}

@inproceedings{zeller1996topology,
  title={Topology representing network for sensor-based robot motion planning},
  author={Zeller, Michael and Sharma, Rajeev and Schulten, Klaus},
  booktitle={World Congress on Neural Networks, INNS Press},
  pages={100--103},
  year={1996}
}

@inproceedings{fu2000vision,
  title={Vision-based motion planning for a robot arm using topology representing networks},
  author={Fu, Youwei and Sharma, Rajeev and Zeller, Michael},
  booktitle={Proceedings 2000 ICRA. Millennium Conference. IEEE International Conference on Robotics and Automation. Symposia Proceedings (Cat. No. 00CH37065)},
  volume={2},
  pages={1900--1905},
  year={2000},
  organization={IEEE}
}

@article{eric98,
  title={Motion Planning in Robotics},
  author={Eric Roberts},
  year={1998},
  url={https://cs.stanford.edu/people/eroberts/courses/soco/projects/1998-99/robotics/basicmotion.html}
}

@book{lavalle2006planning,
  title={Planning algorithms},
  author={LaValle, Steven M},
  year={2006},
  publisher={Cambridge university press}
}

@article{zunt2002did,
  title={Who did actually invent the word ‘robot’and what does it mean?},
  author={Zunt, Dominik},
  journal={The Karel {\v{C}}apek website},
  year={2002}
}

@article{schwartz1983piano,
  title={On the “piano movers” problem. II. General techniques for computing topological properties of real algebraic manifolds},
  author={Schwartz, Jacob T and Sharir, Micha},
  journal={Advances in applied Mathematics},
  volume={4},
  number={3},
  pages={298--351},
  year={1983},
  publisher={Elsevier}
}

@book{latombe2012robot,
  title={Robot motion planning},
  author={Latombe, Jean-Claude},
  volume={124},
  year={2012},
  publisher={Springer Science \& Business Media}
}

@article{fadell1962configuration,
  title={Configuration spaces},
  author={Fadell, Edward and Neuwirth, Lee},
  journal={Mathematica Scandinavica},
  volume={10},
  pages={111--118},
  year={1962},
  publisher={JSTOR}
}

@article{connelly2004geometry,
  title={Geometry and topology of polygonal linkages},
  author={Connelly, Robert and Demaine, Erik D},
  journal={Handbook of discrete and computational geometry},
  pages={197--218},
  year={2004},
  publisher={CRC, Boca Raton, FL}
}

@inproceedings{hausmann1998cohomology,
  title={The cohomology ring of polygon spaces},
  author={Hausmann, Jean-Claude and Knutson, Allen},
  booktitle={Annales de l'institut Fourier},
  volume={48},
  number={1},
  pages={281--321},
  year={1998}
}

@article{jordan1999configuration,
  title={Configuration spaces of mechanical linkages},
  author={Jordan, Denis and Steiner, Marcel},
  journal={Discrete \& Computational Geometry},
  volume={22},
  number={2},
  pages={297--315},
  year={1999},
  publisher={Springer}
}

@article{kapovich2002universality,
  title={Universality theorems for configuration spaces of planar linkages},
  author={Kapovich, Michael and Millson, John J},
  journal={Topology},
  volume={41},
  number={6},
  pages={1051--1107},
  year={2002},
  publisher={Elsevier}
}

@article{farber2004instabilities,
  title={Instabilities of robot motion},
  author={Farber, Michael},
  journal={Topology and its Applications},
  volume={140},
  number={2-3},
  pages={245--266},
  year={2004},
  publisher={Elsevier}
}

@article{farber2003topological,
  title={Topological complexity of motion planning},
  author={Farber, Michael},
  journal={Discrete and Computational Geometry},
  volume={29},
  number={2},
  pages={211--221},
  year={2003},
  publisher={Springer}
}

@article{schwarz1962genus,
  title={The genus of a fibre space},
  author={Schwarz, Albert S},
  journal={Trudy Moskovskogo Matematicheskogo Obshchestva},
  volume={11},
  pages={99--126},
  year={1962},
  publisher={Moscow Mathematical Society}
}

@book{cornea2003lusternik,
  title={Lusternik-Schnirelmann category},
  author={Cornea, Octavian and Lupton, Gregory and Oprea, John and Tanr{\'e}, Daniel and others},
  number={103},
  year={2003},
  publisher={American Mathematical Soc.}
}

@incollection{farber2004collision,
  title={Collision free motion planning on graphs},
  author={Farber, Michael},
  booktitle={Algorithmic Foundations of Robotics VI},
  pages={123--138},
  year={2004},
  publisher={Springer}
}

@article{farber2004topological,
  title={Topological robotics: subspace arrangements and collision free motion planning},
  author={Farber, Michael and Yuzvinsky, Sergey},
  journal={Translations of the American Mathematical Society-Series 2},
  volume={212},
  pages={145--156},
  year={2004},
  publisher={Providence [etc.] American Mathematical Society, 1949-}
}
@article{zeller1997motion,
  title={Motion planning of a pneumatic robot using a neural network},
  author={Zeller, Michael and Sharma, Rajeev and Schulten, Klaus},
  journal={IEEE Control Systems Magazine},
  volume={17},
  number={3},
  pages={89--98},
  year={1997},
  publisher={IEEE}
}
@article{martinetz1994topology,
  title={Topology representing networks},
  author={Martinetz, Thomas and Schulten, Klaus},
  journal={Neural Networks},
  volume={7},
  number={3},
  pages={507--522},
  year={1994},
  publisher={Elsevier}
}
@article{sharma1997framework,
  title={A framework for robot motion planning with sensor constraints},
  author={Sharma, Rajeev and Sutanto, Herry},
  journal={IEEE Transactions on Robotics and Automation},
  volume={13},
  number={1},
  pages={61--73},
  year={1997},
  publisher={IEEE}
}

